@article{mariarizzo,
  title={Statistical Computing with R},
  author={Maria Rizzo},
  year={2008},
  publisher={Chapman & Hall/CRC}
}

@article{klein,
  title={A Joint Confidence Region for an Overall Ranking of Populations},
  author={Martin Klein and Tommy Wright and Jerzy Wieczorek},
  year={2020},
  publisher={Journal of the Royal Statistical Society}}