@article{mariarizzo,
  title={Statistical Computing with R},
  author={Rizzo, Maria L.},
  year={2008},
  publisher={Chapman & Hall/CRC}
}